@IEEEtranBSTCTL{bstctl:etal,
  CTLuse_forced_etal = {yes},
  CTLmax_names_forced_etal = {3},
}

@IEEEtranBSTCTL{bstctl:nodash,
  CTLdash_repeated_names = {no},
}

@IEEEtranBSTCTL{bstctl:simpurl,
  CTLname_url_prefix = {Available: },
}

@MISC{Feit97,
    author = {Dror G. Feitelson},
    title = {Job Scheduling in Multiprogrammed Parallel Systems},
    year = {1997}
}

@inproceedings{FRS04,
  author    = {Dror G. Feitelson and
               Larry Rudolph and
               Uwe Schwiegelshohn},
  title     = {Parallel Job Scheduling - A Status Report},
  booktitle = {JSSPP},
  year      = {2004},
  pages     = {1-16},
}

@article{FeRu92,
  author    = {Dror G. Feitelson and
               Larry Rudolph},
  title     = {Gang Scheduling Performance Benefits for Fine-Grain Synchronization},
  journal   = {J. Parallel Distrib. Comput.},
  volume    = {16},
  number    = {4},
  year      = {1992},
  pages     = {306-318},
}

@INPROCEEDINGS{AKKMS95,
    author = {Gail Alverson and Simon Kahan and Richard Korry and Cathy Mccann and Burton Smith},
    title = {Scheduling on the {T}era {M}{T}{A}},
    booktitle = {In Job Scheduling Strategies for Parallel Processing},
    year = {1995},
    pages = {19-44},
    publisher = {Springer-Verlag}
}

@INPROCEEDINGS{CoMa08,
 author={Contreras, G. and Martonosi, M.},
 booktitle={Workload Characterization, 2008. IISWC 2008. IEEE International Symposium on}, title={Characterizing and improving the performance of Intel Threading Building Blocks},
 year={Sept.},
 pages={57-66},}
 
@article{mapreduce,
 author = {Dean, Jeffrey and Ghemawat, Sanjay},
 title = {MapReduce: simplified data processing on large clusters},
 journal = {Commun. ACM},
 issue_date = {January 2008},
 volume = {51},
 number = {1},
 month = jan,
 year = {2008},
 issn = {0001-0782},
 pages = {107--113},
 numpages = {7},
 url = {http://doi.acm.org/10.1145/1327452.1327492},
 doi = {10.1145/1327452.1327492},
 acmid = {1327492},
 publisher = {ACM},
 address = {New York, NY, USA},
}

@misc{cvx,
  author       = {CVX Research, Inc.},
  title        = {{CVX}: Matlab Software for Disciplined Convex Programming, version 2.0 beta},
  howpublished = {\url{http://cvxr.com/cvx}},
  month        = sep,
  year         = 2012
}

@book{BoVa,
  author = "Stephen Boyd and Lieven Vandenberghe",
  title = "Convex Optimization",
  year = "2004",
  publisher = "Cambridge University Press",
  address = "Cambridge, England"
}

@inproceedings{Snav,
  author    = "Allan Snavely and
               Laura Carrington and
               Nicole Wolter and
               Jes{\'u}s Labarta and
               Rosa M. Badia and
               Avi Purkayastha",
  title     = "A framework for performance modeling and prediction",
  booktitle = "SC",
  year      = "2002",
  pages     = "1-17",
}

@inproceedings{Kung,
  author = "H. T. Kung",
  title = "Memory Requirements for Balanced Computer Architectures",
  year = "1986",
  booktitle = "International Symposium on Computer Architecture",
  pages = "49-54"
}

@book{Hennessy2011,
  author    = {John L. Hennessy and
               David A. Patterson},
  title     = {Computer Architecture - A Quantitative Approach (5. ed.)},
  publisher = {Morgan Kaufmann},
  year      = {2012},
  isbn      = {978-0-12-383872-8},
}

@book{GoVL,
  author = "Gene H. Golub and Charles F. {Van Loan}",
  title = "Matrix Computations",
  year = "1996",
  publisher = "Johns Hopkins University Press",
  edition = "third",
  address = "Baltimore, Maryland"
}

@misc{ChPl,
  author = "Donghui Chen and Robert J. Plemmons",
  title = "Nonnegativity Constraints in Numerical Analysis",
  howpublished = "Lecture presented at the symposium to celebrate the 60th birthday of numerical analysis, Leuven, Belgium",
  month = "October",
  year = "2007"
}

@book{LaHa,
   author = "C. L. Lawson and R. J. Hanson",
   year = "1974",
   title = "Solving Least Squares Problems",
   publisher = "Prentice Hall",
   address = "Englewood Cliffs, NJ"
}

@article{LuDu,
author = "Yuancheng Luo and Ramani Duraiswami",
title = "Efficient Parallel Nonnegative Least Squares on Multicore Architectures",
journal = "SIAM Journal on Scientific Computing",
volume = "33",
number = "5",
pages = "2848-2863",
year = "2011"
}

@book{Barroso2009,
  author    = {Luiz Andr{\'e} Barroso and
               Urs H{\"o}lzle},
  title     = {The Datacenter as a Computer: An Introduction to the Design
               of Warehouse-Scale Machines},
  booktitle = {The Datacenter as a Computer: An Introduction to the Design
               of Warehouse-Scale Machines},
  publisher = {Morgan {\&} Claypool Publishers},
  series    = {Synthesis Lectures on Computer Architecture},
  year      = {2009},
}

@inproceedings{Phansalkar:ISCA2007,
  author    = {Aashish Phansalkar and
               Ajay Joshi and
               Lizy Kurian John},
  title     = {Analysis of redundancy and application balance in the SPEC
               CPU2006 benchmark suite},
  booktitle = {ISCA},
  year      = {2007},
  pages     = {412-423},
  @ee        = {http://doi.acm.org/10.1145/1250662.1250713},
  @crossref  = {DBLP:conf/isca/2007},
  @bibsource = {DBLP, http://dblp.uni-trier.de}
}

@misc{iOsDev,
   author            =    {{Apple Inc.}},
   title                = {{iOS App Programming Guide}},
   name                = {{iOS App Programming Guide}},
   howpublished        = {\url{http://developer.apple.com/library/ios/DOCUMENTATION/iPhone/
                                  Conceptual/iPhoneOSProgrammingGuide/
                                  iPhoneAppProgrammingGuide.pdf}},
}

@misc{SPEC2006,
   author            =    {{Standard Performance Evaluation Corporation}},
   title                = {{SPEC CPU 2006 benchmark suite}},
   name                = {{SPEC CPU 2006 benchmark suite}},
   howpublished                = {\url{http://www.spec.org}},
}

@techreport{parsec,
	Author = {Christian Bienia and Sanjeev Kumar and Jaswinder Pal Singh and Kai Li},
	Date-Added = {2008-05-19 23:01:44 -0700},
	Date-Modified = {2008-05-19 23:04:25 -0700},
	Institution = {Princeton University},
	Keywords = {benchmark},
	Month = {January},
	Number = {TR-811-08},
	Title = {The PARSEC Benchmark Suite: Characterization and The PARSEC Benchmark Suite: Characterization and Architectural Implications},
	Year = {2008},
	}

@INPROCEEDINGS{dacapo,
  author = {Blackburn, S. M. and others},
  @author = {Blackburn, S. M. andGarner, R. and Hoffman, C. and Khan, A. M. and
	@McKinley, K. S. and Bentzur, R. and Diwan, A. and Feinberg, D. and
	@Frampton, D. and Guyer, S. Z. and Hirzel, M. and Hosking, A. and
	@Jump, M. and Lee, H. and Moss, J. E. B. and Phansalkar, A. and Stefanovi\'{c},
	@D. and {VanDrunen}, T. and von~Dincklage, D. and Wiedermann, B.},
  title = {The {DaCapo} Benchmarks: {J}ava Benchmarking Development and Analysis},
  booktitle = {OOPSLA},
  year = {2006},
  pages = {169--190},
  @address = {New York, NY, USA},
  @month = oct,
  @publisher = {ACM Press},
  @doi = {http://doi.acm.org/10.1145/1167473.1167488},
  @location = {Portland, OR, USA},
}

@inproceedings{Redline,
 author = {Yang, Ting and Liu, Tongping and Berger, Emery D. and Kaplan, Scott F. and Moss, J. Eliot B.},
 title = {Redline: first class support for interactivity in commodity operating systems},
 booktitle = {Proceedings of the 8th USENIX conference on Operating systems design and implementation},
 series = {OSDI'08},
 year = {2008},
 location = {San Diego, California},
 pages = {73--86},
 numpages = {14},
 url = {http://dl.acm.org/citation.cfm?id=1855741.1855747},
 acmid = {1855747},
 publisher = {USENIX Association},
 address = {Berkeley, CA, USA},
}

@inproceedings{AcOS,
author = {Davide B. Bartolini and Matteo Carminati and Riccardo Cattaneo and Jacopo Panerati},
title = {AcOS: an Autonomic Management Layer Enhancing Commodity Operating Systems},
booktitle = {In DAC Workshop on Computing in Heterogeneous, Autonomous, 'N' Goal-oriented Environments (CHANGE), co-located with the Annual Design Automation Conference (DAC)},
year = {2012},
location = {San Francisco, California},
}

@inproceedings{Metronome,
 author = {Sironi, Filippo and Bartolini, Davide B. and Campanoni, Simone and Cancare, Fabio and Hoffmann, Henry and Sciuto, Donatella and Santambrogio, Marco D.},
 title = {Metronome: operating system level performance management via self-adaptive computing},
 booktitle = {Proceedings of the 49th Annual Design Automation Conference},
 series = {DAC '12},
 year = {2012},
 isbn = {978-1-4503-1199-1},
 location = {San Francisco, California},
 pages = {856--865},
 numpages = {10},
 url = {http://doi.acm.org/10.1145/2228360.2228514},
 doi = {10.1145/2228360.2228514},
 acmid = {2228514},
 publisher = {ACM},
 address = {New York, NY, USA},
 keywords = {operating systems, performance management, self-adaptive computing},
}


@inproceedings{Jockey,
 author = {Ferguson, Andrew D. and Bodik, Peter and Kandula, Srikanth and Boutin, Eric and Fonseca, Rodrigo},
 title = {Jockey: guaranteed job latency in data parallel clusters},
 booktitle = {Proceedings of the 7th ACM european conference on Computer Systems},
 series = {EuroSys '12},
 year = {2012},
 isbn = {978-1-4503-1223-3},
 location = {Bern, Switzerland},
 pages = {99--112},
 numpages = {14},
 url = {http://doi.acm.org/10.1145/2168836.2168847},
 doi = {10.1145/2168836.2168847},
 acmid = {2168847},
 publisher = {ACM},
 address = {New York, NY, USA},
 keywords = {Dryad, MapReduce, SLO, data parallel, deadline, dynamic adaptation, scheduling},
}



@inproceedings{unc,
  author = {John M. Calandrino and James H. Anderson},
  title = {On the Design and Implementation of a Cache-Aware Multicore Real-Time Scheduler},
  booktitle = {ECRTS},
  year = {2009},
  pages = {194--204},
}
%journal ={Proceedings of the 21st Euromicro Conference on Real-Time Systems, to appear. IEEE},
%volume = {0},
%year = {2009},


@conference {lithe,
	title = {Lithe: Enabling Efficient Composition of Parallel Libraries},
	booktitle = {HotPar09},
	year = {2009},
	month = {03/2009},
	address = {Berkeley, CA},
	url = {http://www.usenix.org/event/hotpar09/tech/},
	author = {Heidi Pan and Benjamin Hindman and Krste Asanovi{\'c}}
}

@conference {Archana,
	title = {A Case for Machine Learning to Optimize Multicore Performance},
	booktitle = {HotPar09},
	year = {2009},
	month = {3/2009},
	address = {Berkeley, CA},
	url = {http://www.usenix.org/event/hotpar09/tech/},
	author = {Archana Ganapathi and Kaushik Datta and Armando Fox and David A. Patterson}
}

@inproceedings{dhodapkar-micro03,
	Address = {Washington, DC, USA},
	Author = {Dhodapkar, Ashutosh S. and Smith, James E.},
	Booktitle = {Proc. MICRO 36},
	Date-Added = {2009-08-09 13:04:21 -0700},
	Date-Modified = {2009-08-09 13:04:49 -0700},
	Isbn = {0-7695-2043-X},
	Keywords = {phase detection},
	Pages = {217},
	Publisher = {IEEE Computer Society},
	Title = {Comparing Program Phase Detection Techniques},
	Year = {2003}}

@article{sherwood-sigarch03,
	Address = {New York, NY, USA},
	Author = {Sherwood, Timothy and Sair, Suleyman and Calder, Brad},
	Date-Added = {2009-08-09 13:02:12 -0700},
	Date-Modified = {2009-08-09 13:02:33 -0700},
	Doi = {http://doi.acm.org/10.1145/871656.859657},
	Issn = {0163-5964},
	Journal = {SIGARCH Comput. Archit. News},
	Keywords = {phase detection},
	Number = {2},
	Pages = {336--349},
	Publisher = {ACM},
	Title = {Phase tracking and prediction},
	Volume = {31},
	Year = {2003},
	Bdsk-Url-1 = {http://doi.acm.org/10.1145/871656.859657}}

@misc{levmar,
	Author = {M. Lourakis},
	Date-Added = {2008-01-22 23:41:05 -0800},
	Date-Modified = {2008-02-06 12:44:02 -0800},
	Howpublished = {http://www.ics.forth.gr/~lourakis/levmar/},
	Keywords = {genetic programming},
	Title = {levmar: Levenberg-Marquardt nonlinear least squares algorithms in {C}/{C}++},
	Year = {2004}}

@misc{matlab,
	Author = {Mathworks},
	Date-Added = {2008-01-22 23:41:05 -0800},
	Date-Modified = {2008-02-06 12:44:02 -0800},
	Howpublished = {http://www.mathworks.com/},
	Title = {Matlab 2009b},
	Year = {2009}}


@inproceedings{merkel-eurosys08,
	Address = {New York, NY, USA},
	Author = {Merkel,, Andreas and Bellosa,, Frank},
	Booktitle = {Proc. Eurosys '08},
	Date-Added = {2009-05-15 14:16:27 -0700},
	Date-Modified = {2009-05-15 14:17:16 -0700},
	Doi = {http://doi.acm.org/10.1145/1352592.1352594},
	Isbn = {978-1-60558-013-5},
	Keywords = {energy, temperature},
	Location = {Glasgow, Scotland UK},
	Pages = {1--12},
	Publisher = {ACM},
	Title = {Task activity vectors: a new metric for temperature-aware scheduling},
	Url = {http://portal.acm.org/ft_gateway.cfm?id=1352594},
	Year = {2008},
	Bdsk-Url-2 = {http://doi.acm.org/10.1145/1352592.1352594}}

@inproceedings{1078411,
	Address = {Washington, DC, USA},
	Author = {Tesauro,, Gerald and Kephart,, Jeffrey O.},
	Booktitle = {Proc. ICAC '04},
	Date-Added = {2009-04-28 12:01:45 -0700},
	Date-Modified = {2009-05-07 16:11:10 -0700},
	Isbn = {0-7695-2114-2},
	Keywords = {modeling, learning, qos},
	Pages = {70--77},
	Publisher = {IEEE Computer Society},
	Title = {Utility Functions in Autonomic Systems},
	Year = {2004},
	}


@book{wasserman-book,
	Address = {Se- caucus, NJ, USA},
	Author = {L. Wasserman},
	Date-Added = {2009-04-28 10:01:53 -0700},
	Date-Modified = {2009-04-28 10:03:37 -0700},
	Keywords = {math, modeling},
	Publisher = {Springer-Verlag New York, Inc.},
	Title = {All of Nonparametric Statistics (Springer Texts in Statistics)},
	Year = {2006}}

@article{1380585,
	Address = {New York, NY, USA},
	Author = {Huebscher,, Markus C. and McCann,, Julie A.},
	Date-Added = {2009-04-28 09:25:20 -0700},
	Date-Modified = {2009-05-07 16:11:10 -0700},
	Issn = {0360-0300},
	Journal = {ACM Comput. Surv.},
	Keywords = {modeling, learning, control theory},
	Number = {3},
	Pages = {1--28},
	Publisher = {ACM},
	Title = {A survey of autonomic computing---degrees, models, and applications},
	Volume = {40},
	Year = {2008},
}

@book{975344,
	Author = {Hellerstein,, Joseph L. and Diao,, Yixin and Parekh,, Sujay and Tilbury,, Dawn M.},
	Date-Added = {2009-04-28 09:22:40 -0700},
	Date-Modified = {2009-04-28 09:23:07 -0700},
	Isbn = {047126637X},
	Keywords = {modeling, learning, control theory},
	Publisher = {John Wiley \& Sons},
	Title = {Feedback Control of Computing Systems},
	Year = {2004}}

@inproceedings{1078472,
	Address = {Washington, DC, USA},
	Author = {N. Bennani,, Mohamed and A. Menasce,, Daniel},
	Booktitle = {ICAC '05},
	Date-Added = {2009-04-28 09:21:54 -0700},
	Date-Modified = {2009-05-07 16:11:10 -0700},
	Isbn = {0-7965-2276-9},
	Keywords = {learning, modeling},
	Pages = {229--240},
	Publisher = {IEEE Computer Society},
	Title = {Resource Allocation for Autonomic Data Centers using Analytic Performance Models},
	Year = {2005},
	}

@inproceedings{1345325,
	Author = {Kounev,, Samuel and Nou,, Ramon and Torres,, Jordi},
	Booktitle = {Proc. ValueTools '07},
	Date-Added = {2009-04-28 09:18:58 -0700},
	Date-Modified = {2009-05-07 16:11:10 -0700},
	Isbn = {978-963-9799-00-4},
	Keywords = {modeling, learning, qos},
	Location = {Nantes, France},
	Pages = {1--10},
	Publisher = {ICST},
	Title = {Autonomic QoS-aware resource management in grid computing using online performance models},
	Year = {2007},
	}

@inproceedings{1078493,
	Address = {Washington, DC, USA},
	Author = {Tesauro,, Gerald and E. Walsh,, William and O. Kephart,, Jeffrey},
	Booktitle = {Proc. ICAC '05},
	Date-Added = {2009-04-28 09:17:13 -0700},
	Date-Modified = {2009-05-07 16:11:10 -0700},
	Isbn = {0-7965-2276-9},
	Keywords = {modeling, learning},
	Pages = {342--343},
	Publisher = {IEEE Computer Society},
	Title = {Utility-Function-Driven Resource Allocation in Autonomic Systems},
	Year = {2005},
	}

@article{1285843,
	Address = {Hingham, MA, USA},
	Author = {Tesauro,, Gerald and Jong,, Nicholas K. and Das,, Rajarshi and Bennani,, Mohamed N.},
	Date-Added = {2009-04-28 09:15:53 -0700},
	Date-Modified = {2009-05-07 16:11:10 -0700},
	Issn = {1386-7857},
	Journal = {Cluster Computing},
	Keywords = {modeling, learning},
	Number = {3},
	Pages = {287--299},
	Publisher = {Kluwer Academic Publishers},
	Title = {On the use of hybrid reinforcement learning for autonomic resource allocation},
	Volume = {10},
	Year = {2007},
	Bdsk-Url-1 = {http://dx.doi.org/10.1007/s10586-007-0035-6}}

@conference{bodik-acdc09,
	Author = {Peter Bodik and Rean Griffith and Charles Sutton and Armando Fox and Michael I. Jordan and David A. Patterson},
	Booktitle = {Proc. ACDC},
	Date-Added = {2009-04-28 09:09:27 -0700},
	Date-Modified = {2009-04-28 09:11:55 -0700},
	Keywords = {response surface, modeling},
	Title = {Automatic Exploration of Datacenter Performance Regimes},
	Year = {2009},
	}

@article{1436097,
	Address = {Los Alamitos, CA, USA},
	Author = {Nesbit,, Kyle J. and Moreto,, Miquel and Cazorla,, Francisco J. and Ramirez,, Alex and Valero,, Mateo and Smith,, James E.},
	Date-Added = {2009-03-13 17:18:42 -0700},
	Date-Modified = {2009-05-07 16:11:10 -0700},
	Issn = {0272-1732},
	Journal = {IEEE Micro},
	Keywords = {qos},
	Number = {3},
	Pages = {6--16},
	Publisher = {IEEE Computer Society Press},
	Title = {Multicore Resource Management},
	Volume = {28},
	Year = {2008},
	}

@inproceedings{828990,
	Address = {Washington, DC, USA},
	Author = {Rajkumar,, R. and Lee,, C. and Lehoczky,, J. and Siewiorek,, D.},
	Booktitle = {Proc. RTSS '97},
	Date-Added = {2009-02-22 14:38:50 -0800},
	Date-Modified = {2009-05-07 16:11:10 -0700},
	Isbn = {0-8186-8268-X},
	Keywords = {qos},
	Pages = {298},
	Publisher = {IEEE Computer Society},
	Title = {A resource allocation model for QoS management},
	Year = {1997},
	}

@inproceedings{1006246,
	Address = {New York, NY, USA},
	Author = {Iyer,, Ravi},
	Booktitle = {Proc. ICS '04},
	Date-Added = {2009-02-22 14:29:44 -0800},
	Date-Modified = {2009-05-07 16:11:10 -0700},
	Isbn = {1-58113-839-3},
	Keywords = {qos},
	Location = {St. Malo, France},
	Pages = {257--266},
	Publisher = {ACM},
	Title = {CQoS: a framework for enabling QoS in shared caches of CMP platforms},
	Year = {2004},
	}

@article{1399973,
	Address = {New York, NY, USA},
	Author = {Merino,, Javier and Puente,, Valent\'{\i}n and Prieto,, Pablo and Gregorio,, Jos\'{e} \'{A}ngel},
	Date-Added = {2009-02-22 14:27:39 -0800},
	Date-Modified = {2009-05-07 16:11:10 -0700},
	Issn = {0163-5964},
	Journal = {SIGARCH Comput. Archit. News},
	Keywords = {qos},
	Number = {2},
	Pages = {64--71},
	Publisher = {ACM},
	Title = {SP-NUCA: a cost effective dynamic non-uniform cache architecture},
	Volume = {36},
	Year = {2008},
	}

@inproceedings{gsf,
	Address = {Washington, DC, USA},
	Author = {Lee,, Jae W. and Ng,, Man Cheuk and Asanovic,, Krste},
	Booktitle = {Proc. ISCA '08},
	Date-Added = {2009-02-22 14:25:27 -0800},
	Date-Modified = {2009-05-07 16:11:10 -0700},
	Isbn = {978-0-7695-3174-8},
	Keywords = {qos},
	Pages = {89--100},
	Publisher = {IEEE Computer Society},
	Title = {Globally-Synchronized Frames for Guaranteed Quality-of-Service in On-Chip Networks},
	Year = {2008},
	Bdsk-Url-1 = {http://portal.acm.org/ft_gateway.cfm?id=1382130&type=pdf&coll=GUIDE&dl=GUIDE&CFID=23719972&CFTOKEN=27471379},
	Bdsk-Url-2 = {http://dx.doi.org/10.1109/ISCA.2008.31}}

@inproceedings{1318096,
	Address = {Washington, DC, USA},
	Author = {Dybdahl,, Haakon and Stenstrom,, Per},
	Booktitle = {Proc. HPCA '07},
	Date-Added = {2009-02-22 11:25:48 -0800},
	Date-Modified = {2009-05-07 16:11:10 -0700},
	Isbn = {1-4244-0804-0},
	Keywords = {qos},
	Pages = {2--12},
	Publisher = {IEEE Computer Society},
	Title = {An Adaptive Shared/Private NUCA Cache Partitioning Scheme for Chip Multiprocessors},
	Year = {2007},
	}

@inproceedings{876484,
	Address = {Washington, DC, USA},
	Author = {Suh,, G. Edward and Devadas,, Srinivas and Rudolph,, Larry},
	Booktitle = {Proc. HPCA '02},
	Date-Added = {2009-02-20 15:21:56 -0800},
	Date-Modified = {2009-05-07 16:11:10 -0700},
	Keywords = {qos},
	Pages = {117},
	Publisher = {IEEE Computer Society},
	Title = {A New Memory Monitoring Scheme for Memory-Aware Scheduling and Partitioning},
	Year = {2002},
	}
@inproceedings{1194858,
	Address = {Washington, DC, USA},
	Author = {Cho,, Sangyeun and Jin,, Lei},
	Booktitle = {Proc. MICRO 39},
	Date-Added = {2009-02-20 15:19:52 -0800},
	Date-Modified = {2009-05-07 16:11:10 -0700},
	Isbn = {0-7695-2732-9},
	Keywords = {qos},
	Pages = {455--468},
	Publisher = {IEEE Computer Society},
	Title = {Managing Distributed, Shared L2 Caches through OS-Level Page Allocation},
	Year = {2006},
	}

@inproceedings{1070001,
	Address = {Washington, DC, USA},
	Author = {Chishti,, Zeshan and Powell,, Michael D. and Vijaykumar,, T. N.},
	Booktitle = {Proc. ISCA '05},
	Date-Added = {2009-02-20 15:18:36 -0800},
	Date-Modified = {2009-05-07 16:11:10 -0700},
	Isbn = {0-7695-2270-X},
	Keywords = {qos},
	Pages = {357--368},
	Publisher = {IEEE Computer Society},
	Title = {Optimizing Replication, Communication, and Capacity Allocation in CMPs},
	Year = {2005},
	}
	
@inproceedings{1250670,
	Address = {New York, NY, USA},
	Author = {Marty,, Michael R. and Hill,, Mark D.},
	Booktitle = {Proc. ISCA '07},
	Date-Added = {2009-02-20 15:16:26 -0800},
	Date-Modified = {2009-05-07 16:11:10 -0700},
	Isbn = {978-1-59593-706-3},
	Keywords = {qos},
	Location = {San Diego, California, USA},
	Pages = {46--56},
	Publisher = {ACM},
	Title = {Virtual hierarchies to support server consolidation},
	Year = {2007},
}

@article{967444,
	Address = {Hingham, MA, USA},
	Author = {Suh,, G. E. and Rudolph,, L. and Devadas,, S.},
	Date-Added = {2009-02-20 15:09:24 -0800},
	Date-Modified = {2009-05-07 16:11:10 -0700},
	Issn = {0920-8542},
	Journal = {J. Supercomput.},
	Keywords = {qos},
	Number = {1},
	Pages = {7--26},
	Publisher = {Kluwer Academic Publishers},
	Title = {Dynamic Partitioning of Shared Cache Memory},
	Volume = {28},
	Year = {2004},
	}
@inproceedings{1250671,
	Address = {New York, NY, USA},
	Author = {Nesbit,, Kyle J. and Laudon,, James and Smith,, James E.},
	Booktitle = {Proc. ISCA '07},
	Date-Added = {2009-02-20 14:51:24 -0800},
	Date-Modified = {2009-05-07 16:11:10 -0700},
	Isbn = {978-1-59593-706-3},
	Keywords = {qos},
	Location = {San Diego, California, USA},
	Pages = {57--68},
	Publisher = {ACM},
	Title = {Virtual private caches},
	Year = {2007},
	}
@inproceedings{1086328,
	Address = {New York, NY, USA},
	Author = {Yeh,, Thomas Y. and Reinman,, Glenn},
	Booktitle = {Proc. CASES '05},
	Date-Added = {2009-02-20 14:30:33 -0800},
	Date-Modified = {2009-05-07 16:11:10 -0700},
	Isbn = {1-59593-149-X},
	Keywords = {qos},
	Location = {San Francisco, California, USA},
	Pages = {237--248},
	Publisher = {ACM},
	Title = {Fast and fair: data-stream quality of service},
	Year = {2005},
		}
@inproceedings{1152160,
	Address = {New York, NY, USA},
	Author = {Rafique,, Nauman and Lim,, Won-Taek and Thottethodi,, Mithuna},
	Booktitle = {Proc. PACT '06},
	Date-Added = {2009-02-20 14:05:41 -0800},
	Date-Modified = {2009-05-07 16:11:10 -0700},
	Isbn = {1-59593-264-X},
	Keywords = {qos},
	Location = {Seattle, Washington, USA},
	Pages = {2--12},
	Publisher = {ACM},
	Title = {Architectural support for operating system-driven CMP cache management},
	Year = {2006},
	}

@article{1399982,
	Address = {New York, NY, USA},
	Author = {Zhao,, Li and Iyer,, Ravi and Upton,, Mike and Newell,, Don},
	Date-Added = {2009-02-20 14:01:20 -0800},
	Date-Modified = {2009-05-07 16:11:10 -0700},
	Issn = {0163-5964},
	Journal = {SIGARCH Comput. Archit. News},
	Keywords = {qos},
	Number = {2},
	Pages = {56--63},
	Publisher = {ACM},
	Title = {Towards hybrid last level caches for chip-multiprocessors},
	Volume = {36},
	Year = {2008},
	}

@inproceedings{1194855,
	Address = {Washington, DC, USA},
	Author = {Qureshi,, Moinuddin K. and Patt,, Yale N.},
	Booktitle = {Proc.  MICRO 39},
	Date-Added = {2009-02-20 13:56:31 -0800},
	Date-Modified = {2009-05-07 16:11:10 -0700},
	Isbn = {0-7695-2732-9},
	Keywords = {qos},
	Pages = {423--432},
	Publisher = {IEEE Computer Society},
	Title = {Utility-Based Cache Partitioning: A Low-Overhead, High-Performance, Runtime Mechanism to Partition Shared Caches},
	Year = {2006},
	}
	
@inproceedings{1136501,
	Address = {Washington, DC, USA},
	Author = {Qureshi,, Moinuddin K. and Lynch,, Daniel N. and Mutlu,, Onur and Patt,, Yale N.},
	Booktitle = {Proc. ISCA '06},
	Date-Added = {2009-02-20 13:53:16 -0800},
	Date-Modified = {2009-05-07 16:11:10 -0700},
	Isbn = {0-7695-2608-X},
	Keywords = {qos},
	Pages = {167--178},
	Publisher = {IEEE Computer Society},
	Title = {A Case for MLP-Aware Cache Replacement},
	Year = {2006},
}

@inproceedings{1275005,
	Address = {New York, NY, USA},
	Author = {Chang,, Jichuan and Sohi,, Gurindar S.},
	Booktitle = {Proc. ICS '07},
	Date-Added = {2009-02-20 13:43:10 -0800},
	Date-Modified = {2009-05-07 16:11:10 -0700},
	Isbn = {978-1-59593-768-1},
	Keywords = {qos},
	Location = {Seattle, Washington},
	Pages = {242--252},
	Publisher = {ACM},
	Title = {Cooperative cache partitioning for chip multiprocessors},
	Year = {2007},
	}
@inproceedings{1248396,
	Address = {New York, NY, USA},
	Author = {Chen,, Shimin and Gibbons,, Phillip B. and Kozuch,, Michael and Liaskovitis,, Vasileios and Ailamaki,, Anastassia and Blelloch,, Guy E. and Falsafi,, Babak and Fix,, Limor and Hardavellas,, Nikos and Mowry,, Todd C. and Wilkerson,, Chris},
	Booktitle = {Proc. SPAA '07},
	Date-Added = {2009-02-20 13:34:45 -0800},
	Date-Modified = {2009-05-07 16:11:10 -0700},
	Isbn = {978-1-59593-667-7},
	Keywords = {qos},
	Location = {San Diego, California, USA},
	Pages = {105--115},
	Publisher = {ACM},
	Title = {Scheduling threads for constructive cache sharing on {CMP}s},
	Year = {2007},
}
@inproceedings{1152161,
	Address = {New York, NY, USA},
	Author = {Hsu,, Lisa R. and Reinhardt,, Steven K. and Iyer,, Ravishankar and Makineni,, Srihari},
	Booktitle = {Proc. PACT '06},
	Date-Added = {2009-02-20 13:30:58 -0800},
	Date-Modified = {2009-05-07 16:11:10 -0700},
	Isbn = {1-59593-264-X},
	Keywords = {qos},
	Location = {Seattle, Washington, USA},
	Pages = {13--22},
	Publisher = {ACM},
	Title = {Communist, utilitarian, and capitalist cache policies on CMPs: caches as a shared resource},
	Year = {2006},
	}
@article{1241608,
	Address = {New York, NY, USA},
	Author = {Guo,, Fei and Kannan,, Hari and Zhao,, Li and Illikkal,, Ramesh and Iyer,, Ravi and Newell,, Don and Solihin,, Yan and Kozyrakis,, Christos},
	Date-Added = {2009-02-20 13:28:31 -0800},
	Date-Modified = {2009-05-07 16:11:10 -0700},
	Issn = {0163-5964},
	Journal = {SIGARCH Comput. Archit. News},
	Keywords = {qos},
	Number = {1},
	Pages = {21--30},
	Publisher = {ACM},
	Title = {From chaos to QoS: case studies in CMP resource management},
	Volume = {35},
	Year = {2007},
	}
@article{1435033,
	Address = {Amsterdam, The Netherlands, The Netherlands},
	Author = {Sibai,, Fadi N.},
	Date-Added = {2009-02-20 13:27:01 -0800},
	Date-Modified = {2009-05-07 16:11:10 -0700},
	Issn = {0141-9331},
	Journal = {Microprocess. Microsyst.},
	Keywords = {qos},
	Number = {7},
	Pages = {405--412},
	Publisher = {Elsevier Science Publishers B. V.},
	Title = {On the performance benefits of sharing and privatizing second and third-level cache memories in homogeneous multi-core architectures},
	Volume = {32},
	Year = {2008},
	}
@inproceedings{1254886,
	Address = {New York, NY, USA},
	Author = {Iyer,, Ravi and Zhao,, Li and Guo,, Fei and Illikkal,, Ramesh and Makineni,, Srihari and Newell,, Don and Solihin,, Yan and Hsu,, Lisa and Reinhardt,, Steve},
	Booktitle = {Proc. SIGMETRICS '07},
	Date-Added = {2009-02-20 13:22:38 -0800},
	Date-Modified = {2009-05-07 16:11:10 -0700},
	Isbn = {978-1-59593-639-4},
	Keywords = {qos},
	Location = {San Diego, California, USA},
	Pages = {25--36},
	Publisher = {ACM},
	Title = {QoS policies and architecture for cache/memory in CMP platforms},
	Year = {2007},
	}
@inproceedings{1331730,
	Address = {Washington, DC, USA},
	Author = {Guo,, Fei and Solihin,, Yan and Zhao,, Li and Iyer,, Ravishankar},
	Booktitle = {Proc. MICRO '07},
	Date-Added = {2009-02-20 13:20:55 -0800},
	Date-Modified = {2009-05-07 16:11:10 -0700},
	Isbn = {0-7695-3047-8},
	Keywords = {qos},
	Pages = {343--355},
	Publisher = {IEEE Computer Society},
	Title = {A Framework for Providing Quality of Service in Chip Multi-Processors},
	Year = {2007},
	}
@article{356892,
	Address = {New York, NY, USA},
	Author = {Smith,, Alan Jay},
	Date-Added = {2009-02-19 13:23:57 -0800},
	Date-Modified = {2009-05-07 16:11:10 -0700},
	Issn = {0360-0300},
	Journal = {ACM Comput. Surv.},
	Keywords = {caches},
	Number = {3},
	Pages = {473--530},
	Publisher = {ACM},
	Title = {Cache Memories},
	Volume = {14},
	Year = {1982},
	}

@inproceedings{jones-date08,
	Address = {New York, NY, USA},
	Author = {Timothy M. Jones and Sandro Bartolini and Bruno De Bus and John Cavazos and Michael F. P. O'Boyle},
	Booktitle = {Proc. DATE '08},
	Date-Added = {2008-11-23 21:03:10 -0800},
	Date-Modified = {2009-05-07 16:11:10 -0700},
	Isbn = {978-3-9810801-3-1},
	Keywords = {memoryhierarchy},
	Location = {Munich, Germany},
	Pages = {1196--1201},
	Publisher = {ACM},
	Title = {Instruction cache energy saving through compiler way-placement},
	Year = {2008},
}

@book{pthreads,
	Author = {B. Lewis and D. J. Berg},
	Date-Added = {2008-11-18 12:05:59 -0800},
	Date-Modified = {2008-11-18 12:07:27 -0800},
	Keywords = {pthreads},
	Publisher = {Prentice Hall},
	Title = {Multithreaded Programming with Pthreads},
	Year = {1998}}

@inproceedings{krieger-k4206,
	Address = {New York, NY, USA},
	Author = {Orran Krieger and Marc Auslander and Bryan Rosenburg and Robert W. Wisniewski and Jimi Xenidis and Dilma Da Silva and Michal Ostrowski and Jonathan Appavoo and Maria Butrico and Mark Mergen and Amos Waterland and Volkmar Uhlig},
	Booktitle = {Proc. EuroSys '06},
	Date-Added = {2008-11-17 10:12:43 -0800},
	Date-Modified = {2009-05-07 16:11:10 -0700},
	Isbn = {1-59593-322-0},
	Keywords = {OS, K42, memoryhierarchy},
	Location = {Leuven, Belgium},
	Pages = {133--145},
	Publisher = {ACM},
	Title = {K42: building a complete operating system},
	Year = {2006},
	}

@techreport{Asanovic:EECS-2006-183,
	Author = {Asanovic, Krste and Bodik, Ras and Catanzaro, Bryan Christopher and Gebis, Joseph James and Husbands, Parry and Keutzer, Kurt and Patterson, David A. and Plishker, William Lester and Shalf, John and Williams, Samuel Webb and Yelick, Katherine A.},
	Date-Added = {2008-11-09 21:13:38 -0800},
	Date-Modified = {2009-05-07 16:11:10 -0700},
	Institution = {EECS Department, University of California, Berkeley},
	Keywords = {view},
	Month = {Dec},
	Number = {UCB/EECS-2006-183},
	Title = {The Landscape of Parallel Computing Research: A View from Berkeley},
	Year = {2006},
	Bdsk-Url-1 = {http://www.eecs.berkeley.edu/Pubs/TechRpts/2006/EECS-2006-183.html}}

@inproceedings{ipek-asplos06,
	Address = {New York, NY, USA},
	Author = {Engin \"{I}pek and Sally A. McKee and Rich Caruana and Bronis R. de Supinski and Martin Schulz},
	Booktitle = {ASPLOS-XII: Proceedings of the 12th international conference on Architectural support for programming languages and operating systems},
	Date-Added = {2008-07-14 22:48:04 -0700},
	Date-Modified = {2009-05-07 16:11:10 -0700},
	Isbn = {1-59593-451-0},
	Keywords = {response surface, genetic programming},
	Location = {San Jose, California, USA},
	Pages = {195--206},
	Publisher = {ACM},
	Title = {Efficiently exploring architectural design spaces via predictive modeling},
	Year = {2006},
	Bdsk-Url-1 = {http://portal.acm.org/ft_gateway.cfm?id=1168882&type=pdf&coll=Portal&dl=GUIDE&CFID=36781017&CFTOKEN=58694487},
	Bdsk-Url-2 = {http://doi.acm.org/10.1145/1168857.1168882}}

@inproceedings{cook-dac08,
	Author = {H. Cook and K. Skadron},
	Booktitle = { 45th ACM/IEEE Conference on Design Automation (DAC)},
	Date-Added = {2008-07-09 12:13:51 -0700},
	Date-Modified = {2008-07-09 12:15:48 -0700},
	Keywords = {genetic programming, response surface},
	Month = {June},
	Title = {Predictive Design Space Exploration Using Genetically Programmed Response Surfaces},
	Year = {2008}}

@article{bates-aes03,
	Address = {Oxford, UK, UK},
	Author = {S. J. Bates and J. Sienz and D. S. Langley},
	Date-Added = {2008-07-07 14:13:39 -0700},
	Date-Modified = {2009-05-07 16:11:10 -0700},
	Issn = {0965-9978},
	Journal = {Adv. Eng. Softw.},
	Keywords = {genetic programming, design space exploration},
	Number = {8},
	Pages = {493--506},
	Publisher = {Elsevier Science Ltd.},
	Title = {Formulation of the Audze--Eglais uniform Latin hypercube design of experiments},
	Volume = {34},
	Year = {2003},
	}


@inproceedings{albonesi-micro99,
	Address = {Washington, DC, USA},
	Author = {David H. Albonesi},
	Booktitle = {Proc. MICRO 32},
	Date-Added = {2008-06-30 11:57:34 -0700},
	Date-Modified = {2008-06-30 13:10:16 -0700},
	Isbn = {0-7695-0437-X},
	Keywords = {memoryhierarchy, reconfigurable caches},
	Location = {Haifa, Israel},
	Pages = {248--259},
	Publisher = {IEEE Computer Society},
	Title = {Selective cache ways: on-demand cache resource allocation},
	Year = {1999},
}

@inproceedings{1006707,
	Address = {Washington, DC, USA},
	Author = {Rakesh Kumar and Dean M. Tullsen and Parthasarathy Ranganathan and Norman P. Jouppi and Keith I. Farkas},
	Booktitle = {ISCA '04: Proceedings of the 31st annual international symposium on Computer architecture},
	Date-Added = {2008-01-30 17:17:46 -0800},
	Date-Modified = {2009-05-07 16:11:10 -0700},
	Isbn = {0-7695-2143-6},
	Keywords = {isca, heterogeneous},
	Location = {M\&\#252;nchen, Germany},
	Pages = {64},
	Publisher = {IEEE Computer Society},
	Title = {Single-ISA Heterogeneous Multi-Core Architectures for Multithreaded Workload Performance},
	Year = {2004},
	}
	
@inproceedings{genbrugge-isca07,
	Author = {Davy Genbrugge and Lieven Eeckhout},
	Booktitle = {ISCA},
	Date-Added = {2008-01-23 00:03:44 -0800},
	Date-Modified = {2008-02-06 12:31:59 -0800},
	Keywords = {isca, statistical simulation, simulation},
	Title = {Statistical Simulation of Chip Multiprocessors Running Multi-Program Workloads},
	Year = {2007},
	}

@inproceedings{barroso-computer07,
	Author = {Luiz Andr{\'e} Barroso and Urs H{\"o}lzle},
	Booktitle = {IEEE Computer},
	Date-Added = {2008-01-23 00:00:01 -0800},
	Date-Modified = {2008-02-06 12:29:09 -0800},
	Keywords = {energy-proportional},
	Month = {December},
	Title = {The Case for Energy-Proportional Computing},
	Year = {2007},
}
	
@inproceedings{toropov-noise,
	Author = {V. Toropov and L. Alvarez},
	Booktitle = {Annual GAMM Meeting},
	Date-Added = {2008-01-22 23:43:33 -0800},
	Date-Modified = {2008-02-06 12:30:26 -0800},
	Keywords = {genetic programming},
	Title = {Application of genetic programming and multipoint approximations to optimization problems with random noise},
	Year = {1998}}

@phdthesis{alvarez-thesis,
	Author = {L. Alvarez},
	Date-Added = {2008-01-22 23:43:33 -0800},
	Date-Modified = {2008-02-06 12:38:02 -0800},
	Keywords = {genetic programming, response surface},
	School = {University of Bradford},
	Title = {Design Optimization based on Genetic Programming},
	Year = {2000}}

@book{boxdraper,
	Author = {G. Box and N. Draper},
	Date-Added = {2008-01-22 23:43:33 -0800},
	Date-Modified = {2008-02-06 12:40:11 -0800},
	Keywords = {response surface},
	Publisher = {John Wiley and Sons},
	Title = {Empirical modelbuilding and response surfaces},
	Year = {1987}}

@manual{madsen,
	Author = {K. Madsen and H.B. Nielsen and O. Tingleff},
	Date-Added = {2008-01-22 23:43:33 -0800},
	Date-Modified = {2008-02-06 12:42:26 -0800},
	Keywords = {math},
	Organization = {IMM, Technical University of Denmark},
	Title = {Methods for NonLinear Least Squares Problems},
	Year = {1999}}

@article{schmit-aiaa74,
	Author = {L. Schmit and B. Farshi},
	Date-Added = {2008-01-22 23:43:33 -0800},
	Date-Modified = {2008-02-06 12:34:51 -0800},
	Journal = {AIAA Journal},
	Keywords = {response surface},
	Number = {5},
	Pages = {692-699},
	Title = {Some approximation concepts for structural synthesis},
	Volume = {12},
	Year = {1974}}

@inproceedings{eeckhout-micro03,
	Author = {L. Eeckhout and S. Nussbaum and J. Smith and K. DeBosschere},
	Booktitle = {IEEE Micro},
	Date-Added = {2008-01-22 23:43:33 -0800},
	Date-Modified = {2008-02-06 12:34:01 -0800},
	Keywords = {statistical simulation, simulation},
	Month = {Sept./Oct.},
	Title = {Statistical Simulation: Adding efficiency to the computer designer's toolbox},
	Year = 2003}

@inproceedings{delaluz-dac02,
	Author = {V. Delaluz and M. Kandemir and I. Kolcu},
	Booktitle = {Design Automation Conference},
	Date-Added = {2008-01-22 23:42:45 -0800},
	Date-Modified = {2008-02-06 12:42:00 -0800},
	Keywords = {dram, energy-proportional},
	Title = {Automatic data migration for reducing energy consumption in multi-bank memory systems},
	Year = 2002}

@inproceedings{pandey-hpca06,
	Author = {V. Pandey and W. Jiang and Y. Zhou and R. Bianchini},
	Booktitle = HPCA12,
	Date-Added = {2008-01-22 23:42:45 -0800},
	Date-Modified = {2008-02-06 12:40:51 -0800},
	Keywords = {energy-proportional, dram},
	Title = { DMA-aware memory energy management},
	Year = 2006,
}

@inproceedings{li-asplos04,
	Author = {X. Li and Z. Li and F. David and P. Zhou and Y. Zhou and S. Adve and S. Kumar},
	Booktitle = ASPLOSX,
	Date-Added = {2008-01-22 23:42:45 -0800},
	Date-Modified = {2008-02-06 12:32:25 -0800},
	Keywords = {energy-proportional, dram},
	Title = { Performance Directed Energy Management for Main Memory and Disks},
	Year = 2004,
	}

@inproceedings{huang-usenix03,
	Author = {H. Huang and P. Pillai and K. G. Shin},
	Booktitle = {USENIX},
	Date-Added = {2008-01-22 23:42:45 -0800},
	Date-Modified = {2008-02-06 12:38:57 -0800},
	Keywords = {dram, energy-proportional},
	Title = {Design and implementation of power-aware virtual memory},
	Year = 2003,
	}
	
@inproceedings{diniz-isca07,
	Author = {B. Diniz and D. Guedes and  W. Meira and R. Bianchini},
	Booktitle = ISCA34,
	Date-Added = {2008-01-22 23:42:45 -0800},
	Date-Modified = {2008-02-06 12:42:48 -0800},
	Keywords = {dram, energy-proportional},
	Month = {Aug.},
	Title = {Limiting the power consumption of main memory},
	Year = 2007,
	}


@inproceedings{lebeck-asplos00,
	Author = {A. Lebeck and X. Fan and H. Zheng and C. Ellis},
	Booktitle = ASPLOSVI,
	Date-Added = {2008-01-22 23:42:45 -0800},
	Date-Modified = {2008-02-06 12:36:48 -0800},
	Keywords = {dram, energy-proportional},
	Title = {Power Aware Page Allocation},
	Year = 2000,
	}

@inproceedings{fan-isca07,
	Author = {X. Fan and W-D. Weber and L. A. Barroso},
	Booktitle = ISCA34,
	Date-Added = {2008-01-22 23:42:45 -0800},
	Date-Modified = {2008-02-06 12:35:55 -0800},
	Keywords = {google, energy-proportional},
	Month = {Aug.},
	Title = {Power Provisioning for a Warehouse-sized Computer},
	Year = 2003,}

@book{huang-pac05,
	Author = {H. Huang and K. G. Shin and  C. Lefurgy and K. Rajamani and T. Keller and E. Hensbergen and F. Rawson},
	Booktitle = {Power Aware Computer Systems},
	Date-Added = {2008-01-22 23:42:45 -0800},
	Date-Modified = {2008-02-06 12:35:19 -0800},
	Keywords = {energy-proportional, dram},
	Publisher = {Springer Berlin},
	Title = {Software-hardware cooperative power management for main memory},
	Year = {2005}}


@inproceedings{emer-isca97,
	Author = {J. Emer and N. Gloy},
	Booktitle = {ISCA},
	Date-Added = {2008-01-22 23:41:05 -0800},
	Date-Modified = {2008-02-06 12:41:10 -0800},
	Keywords = {genetic programming},
	Month = {Jun.},
	Title = {A language for describing predictors and its application to automatic synthesis},
	Year = {1997}}

@inproceedings{eyerman-asplos06,
	Author = {S. Eyerman and L. Eeckhout and T. Karkhanis and J. E. Smith},
	Booktitle = {ASPLOS},
	Date-Added = {2008-01-22 23:41:05 -0800},
	Date-Modified = {2008-02-06 12:41:25 -0800},
	Keywords = {statistical simulation, simulation},
	Month = {Oct.},
	Title = {A Performance Counter Architecture for Computing Accurate CPI Components},
	Year = {2006},
	}

@inproceedings{hoste-iiswc06,
	Author = {K. Hoste and  L. Eeckhout},
	Booktitle = {IISWC},
	Date-Added = {2008-01-22 23:41:05 -0800},
	Date-Modified = {2008-02-06 12:39:36 -0800},
	Keywords = {pca},
	Month = {Oct.},
	Title = {Comparing Benchmarks Using Key Microarchitecture-Independent Characteristics},
	Year = {2006}}

@inproceedings{tess09,
	Address = {Berkeley, CA},
	Author = {Rose Liu and Kevin Klues and Sarah Bird and Steven Hofmeyr and Krste Asanovi{\'c} and John Kubiatowicz},
	Booktitle = {HotPar09},
	Month = {03/2009},
	Title = {Tessellation: Space-Time Partitioning in a Manycore Client OS},
	Url = {http://www.usenix.org/event/hotpar09/tech/},
	Year = {2009},
	Bdsk-Url-1 = {http://www.usenix.org/event/hotpar09/tech/}}
	
	
@inproceedings{605420,
	Address = {New York, NY, USA},
	Author = {Kim,, Changkyu and Burger,, Doug and Keckler,, Stephen W.},
	Booktitle = {Proc. ASPLOS-X},
	Date-Added = {2009-04-27 13:31:05 -0700},
	Date-Modified = {2009-05-07 16:11:10 -0700},
	Isbn = {1-58113-574-2},
	Keywords = {qos},
	Location = {San Jose, California},
	Pages = {211--222},
	Publisher = {ACM},
	Title = {An adaptive, non-uniform cache structure for wire-delay dominated on-chip caches},
	Year = {2002},
}

@inproceedings{1088154,
	Address = {New York, NY, USA},
	Author = {Huh,, Jaehyuk and Kim,, Changkyu and Shafi,, Hazim and Zhang,, Lixin and Burger,, Doug and Keckler,, Stephen W.},
	Booktitle = {Proc. ICS '05},
	Date-Added = {2009-04-27 13:22:04 -0700},
	Date-Modified = {2009-05-07 16:11:10 -0700},
	Isbn = {1-59593-167-8},
	Keywords = {qos, nuca},
	Location = {Cambridge, Massachusetts},
	Pages = {31--40},
	Publisher = {ACM},
	Title = {A NUCA substrate for flexible CMP cache sharing},
	Year = {2005},
}

@inproceedings{1069998,
	Address = {Washington, DC, USA},
	Author = {Zhang,, Michael and Asanovic,, Krste},
	Booktitle = {Proc. ISCA '05},
	Date-Added = {2009-02-22 12:05:13 -0800},
	Date-Modified = {2009-05-07 16:11:10 -0700},
	Isbn = {0-7695-2270-X},
	Keywords = {qos, cache refill, cache coherence},
	Pages = {336--345},
	Publisher = {IEEE Computer Society},
	Title = {Victim Replication: Maximizing Capacity while Hiding Wire Delay in Tiled Chip Multiprocessors},
	Year = {2005},
}

@inproceedings{aiken-mspc06,
	Author = {Mark Aiken and Manuel F{\"a}hndrich and Chris Hawblitzel and Galen Hunt and James Larus},
	Booktitle = {Memory Systems Performance and Correctness},
	Date-Added = {2008-02-12 00:32:48 -0800},
	Date-Modified = {2008-02-12 00:38:59 -0800},
	Institution = {Microsoft},
	Keywords = {singularity, fastos},
	Title = {Deconstructing Process Isolation},
	Year = {2006},
	}
	
	
	@inproceedings{Eranian:OLS06,
  author    = {S. Eranian},
  title     = {Perfmon2: a flexible performance monitoring interface for Linux},
  booktitle = {Ottawa Linux Symposium},
  pages     = {269–288},
  year      = {2006}
}

@misc{Perfmon2,
  key = {Perfmon2},
  title = {Perfmon2 webpage},
  howpublished = { perfmon2.sourceforge.net/}
}

@misc{IntelRefManual:2011,
  author = {{Intel Corp.}},
  title = {Intel 64 and IA-32 Architectures Optimization Reference Manual},
  month = {June},
  year = {2011}
}

@misc{IntelDevManual:2011,
  author = {{Intel Corp.}},
  title = {Intel 64 and IA-32 Architectures Software Developer’s Manual Volume 3B: System Programming Guide, Part 2},
  month = {May},
  year = {2011}
}

@MISC{Intel:Manual2012,
  author = {{Intel Corp.}},
  title  = {Intel 64 and IA-32 Architectures Software Developer's Manual},
  year 	 = {March 2012},
}

@TECHREPORT{Jaleel:TR2007,
  author = {Aamer Jaleel},
  title = {Memory Characterization of Workloads Using Instrumentation-Driven Simulation -- A Pin-based Memory Characterization of the SPEC CPU2000 and SPEC CPU2006 Benchmark Suites},
  institution = {VSSAD, Intel Corporation},
  year = {2007},
}

@MISC{Kamil:Stencilprobe,
    author = {Shoaib Kamil},
    title  = {Stencil Probe},
    note   = {\url{http://www.cs.berkeley.edu/~skamil/projects/stencilprobe/}},
    year 	 = {2012},
 }
 
@incollection{psearchy,
year={2003},
isbn={978-3-540-40724-9},
booktitle={Peer-to-Peer Systems II},
volume={2735},
series={Lecture Notes in Computer Science},
editor={Kaashoek, M.Frans and Stoica, Ion},
doi={10.1007/978-3-540-45172-3_19},
title={On the Feasibility of Peer-to-Peer Web Indexing and Search},
url={http://dx.doi.org/10.1007/978-3-540-45172-3_19},
publisher={Springer Berlin Heidelberg},
author={Li, Jinyang and Loo, BoonThau and Hellerstein, JosephM. and Kaashoek, M.Frans and Karger, DavidR. and Morris, Robert},
pages={207-215}
}

@MISC{mosbench,
    author = {Boyd-Wickizer, Silas and Clements, Austin T. and Mao, Yandong and Pesterev, Aleksey and Kaashoek, M.Frans  and Morris, Robert and Zeldovich, Nickolai},
    title  = {MOSBENCH},
    note   = {\url{http://pdos.csail.mit.edu/mosbench/}},
    year 	 = {2012},
 }
 
 @TECHREPORT{pacora_tr,
  author = {Anonymized},
  title = {ORADIA: Optimizing Resource Allocations for Dynamic Interactive Applications},
  institution = {Anonymized},
  year = {2013},
}

@inproceedings{mesos,
 author = {Hindman, Benjamin and Konwinski, Andy and Zaharia, Matei and Ghodsi, Ali and Joseph, Anthony D. and Katz, Randy and Shenker, Scott and Stoica, Ion},
 title = {Mesos: a platform for fine-grained resource sharing in the data center},
 booktitle = {Proceedings of the 8th USENIX conference on Networked systems design and implementation},
 series = {NSDI'11},
 year = {2011},
 location = {Boston, MA},
 pages = {22--22},
 numpages = {1},
 url = {http://dl.acm.org/citation.cfm?id=1972457.1972488},
 acmid = {1972488},
 publisher = {USENIX Association},
 address = {Berkeley, CA, USA},
}
 
 @inproceedings{mesos-DRF,
 author = {Ghodsi, Ali and Zaharia, Matei and Hindman, Benjamin and Konwinski, Andy and Shenker, Scott and Stoica, Ion},
 title = {Dominant resource fairness: fair allocation of multiple resource types},
 booktitle = {Proceedings of the 8th USENIX conference on Networked systems design and implementation},
 series = {NSDI'11},
 year = {2011},
 location = {Boston, MA},
 pages = {24--24},
 numpages = {1},
 url = {http://dl.acm.org/citation.cfm?id=1972457.1972490},
 acmid = {1972490},
 publisher = {USENIX Association},
 address = {Berkeley, CA, USA},
}

@article{Condor,
 author = {Raman, Rajesh and Livny, Miron and Solomon, Marv},
 title = {Matchmaking: An extensible framework for distributed resource  management},
 journal = {Cluster Computing},
 issue_date = {1999},
 volume = {2},
 number = {2},
 month = apr,
 year = {1999},
 issn = {1386-7857},
 pages = {129--138},
 numpages = {10},
 url = {http://dx.doi.org/10.1023/A:1019022624119},
 doi = {10.1023/A:1019022624119},
 acmid = {592921},
 publisher = {Kluwer Academic Publishers},
 address = {Hingham, MA, USA},
}

@misc{EC2,
   author = {Amazon.com},
   title                = {EC2},
   howpublished                = {\url{http://aws.amazon.com/ec2}},
}

@misc{hadoop_cap,
   author = {Apache.org},
   title                = {Hadoop Capacity Scheduler},
   howpublished                = {\url{http://hadoop.apache.org/common/docs/r0.20.2/capacity_scheduler.html}},
}

@misc{hadoop_fair,
   author = {Apache.org},
   title                = {Hadoop Fair Scheduler},
   howpublished                = {\url{http://hadoop.apache.org/common/docs/r0.20.2/fair_scheduler.html}},
}


@inproceedings{eucalyptus,
 author = {Nurmi, Daniel and Wolski, Rich and Grzegorczyk, Chris and Obertelli, Graziano and Soman, Sunil and Youseff, Lamia and Zagorodnov, Dmitrii},
 title = {The Eucalyptus Open-Source Cloud-Computing System},
 booktitle = {Proceedings of the 2009 9th IEEE/ACM International Symposium on Cluster Computing and the Grid},
 series = {CCGRID '09},
 year = {2009},
 isbn = {978-0-7695-3622-4},
 pages = {124--131},
 numpages = {8},
 url = {http://dx.doi.org/10.1109/CCGRID.2009.93},
 doi = {10.1109/CCGRID.2009.93},
 acmid = {1577895},
 publisher = {IEEE Computer Society},
 address = {Washington, DC, USA},
 keywords = {cloud computing, virtualization},
}

@inproceedings{Quincy,
 author = {Isard, Michael and Prabhakaran, Vijayan and Currey, Jon and Wieder, Udi and Talwar, Kunal and Goldberg, Andrew},
 title = {Quincy: fair scheduling for distributed computing clusters},
 booktitle = {Proceedings of the ACM SIGOPS 22nd symposium on Operating systems principles},
 series = {SOSP '09},
 year = {2009},
 isbn = {978-1-60558-752-3},
 location = {Big Sky, Montana, USA},
 pages = {261--276},
 numpages = {16},
 url = {http://doi.acm.org/10.1145/1629575.1629601},
 doi = {10.1145/1629575.1629601},
 acmid = {1629601},
 publisher = {ACM},
 address = {New York, NY, USA},
 keywords = {cluster scheduling, dryad, fair scheduling, mapreduce, network flow scheduling},
}

@inproceedings{hadoop_matei,
 author = {Zaharia, Matei and Borthakur, Dhruba and Sen Sarma, Joydeep and Elmeleegy, Khaled and Shenker, Scott and Stoica, Ion},
 title = {Delay scheduling: a simple technique for achieving locality and fairness in cluster scheduling},
 booktitle = {Proceedings of the 5th European conference on Computer systems},
 series = {EuroSys '10},
 year = {2010},
 isbn = {978-1-60558-577-2},
 location = {Paris, France},
 pages = {265--278},
 numpages = {14},
 url = {http://doi.acm.org/10.1145/1755913.1755940},
 doi = {10.1145/1755913.1755940},
 acmid = {1755940},
 publisher = {ACM},
 address = {New York, NY, USA},
 keywords = {cluster computing, fair sharing, mapreduce, scheduling},
}

@ARTICLE{Baruah96proportionateprogress,
    author = {S. K. Baruah and N. K. Cohen and C. G. Plaxton and D. A. Varvel},
    title = {Proportionate progress: A notion of fairness in resource allocation},
    journal = {Algorithmica},
    year = {1996},
    volume = {15},
    pages = {600--625}
}

@INPROCEEDINGS{Baruah_fastscheduling,
    author = {Sanjoy K. Baruah and Johannes E. Gehrke and C. Greg Plaxton},
    title = {Fast Scheduling of Periodic Tasks on Multiple Resources},
    booktitle = {In Proceedings of the 9th International Parallel Processing Symposium},
    year = {1995},
    pages = {280--288}
}

@inproceedings{Zhu,
 author = {Zhu, Dakai and Moss{\'e}, Daniel and Melhem, Rami},
 title = {Multiple-Resource Periodic Scheduling Problem: how much fairness is necessary?},
 booktitle = {Proceedings of the 24th IEEE International Real-Time Systems Symposium},
 series = {RTSS '03},
 year = {2003},
 isbn = {0-7695-2044-8},
 pages = {142--},
 url = {http://dl.acm.org/citation.cfm?id=956418.956616},
 acmid = {956616},
 publisher = {IEEE Computer Society},
 address = {Washington, DC, USA},
}

@inproceedings{Blanquer,
 author = {Blanquer, Josep M. and \"{O}zden, Banu},
 title = {Fair queuing for aggregated multiple links},
 booktitle = {Proceedings of the 2001 conference on Applications, technologies, architectures, and protocols for computer communications},
 series = {SIGCOMM '01},
 year = {2001},
 isbn = {1-58113-411-8},
 location = {San Diego, California, USA},
 pages = {189--197},
 numpages = {9},
 url = {http://doi.acm.org/10.1145/383059.383074},
 doi = {10.1145/383059.383074},
 acmid = {383074},
 publisher = {ACM},
 address = {New York, NY, USA},
}

@INPROCEEDINGS{Kleinberg99fairnessin,
    author = {Jon Kleinberg and Yuval Rabani and Eva Tardos},
    title = {Fairness in routing and load balancing},
    booktitle = {J. Comput. Syst. Sci},
    year = {1999},
    pages = {568--578}
}

@INPROCEEDINGS{Liu,
author={Yonghe Liu and Knightly, E.},
booktitle={INFOCOM 2003. Twenty-Second Annual Joint Conference of the IEEE Computer and Communications. IEEE Societies}, title={Opportunistic fair scheduling over multiple wireless channels},
year={2003},
volume={2},
pages={1106-1115 vol.2},
doi={10.1109/INFCOM.2003.1208947},
ISSN={0743-166X},}

@book{hastie,
	Author = {Trevor Hastie and Robert Tibshirani and Jerome Friedman},
	Booktitle = {The Elements of Statistical Learning, Second Edition},
	Date-Added = {2008-01-22 23:42:45 -0800},
	Date-Modified = {2008-02-06 12:35:19 -0800},
	Publisher = {Springer New York},
	Title = {The Elements of Statistical Learning, Second Edition},
	Year = {2005}}

@book{koza,
	Author = {J. Koza},
	Date-Added = {2008-01-22 23:43:33 -0800},
	Date-Modified = {2008-02-06 12:43:06 -0800},
	Keywords = {genetic programming},
	Publisher = {MIT Press},
	Title = {Genetic Programming: On the programming of computers by means of natural selection},
	Year = {1992}}

@misc{simics,
	Author = {Virtutech},
	Date-Added = {2008-05-19 23:32:32 -0700},
	Date-Modified = {2008-05-19 23:33:27 -0700},
	Howpublished = {www.simics.net},
	Keywords = {simulation},
	Title = {Simics ISA Simulator},
	Year = {2008}}

@inproceedings{chong-eama08,
	Author = {J. Chong and Y. Yi and N. R. Satish and A. Faria and K. Keutzer},
	Booktitle = {Intl. Workshop on Emerging Applications and Manycore Architectures},
	Date-Added = {2009-05-11 22:04:32 -0700},
	Date-Modified = {2009-05-11 22:06:13 -0700},
	Keywords = {speech},
	Title = {Data- parallel large vocabulary continuous speech recognition on graphics processors},
	Year = { 2008}}
	
@book{huang-speech,
	Author = {X. Huang and A. Acero and H.-W. Hon},
	Date-Added = {2009-08-05 10:43:04 -0700},
	Date-Modified = {2009-08-05 10:43:04 -0700},
	Publisher = {Prentice Hall},
	Title = {Spoken Language Processing: A Guide to Theory, Algorithm and System Development},
	Year = {2001}}
	
	@mastersthesis{bird,
    Author = {Bird, Sarah},
    Editor = {Asanovi\'{c}, Krste and Patterson, David A.},
    Title = {{Software Knows Best: A Case for Hardware Transparency and Measurability}},
    School = {EECS Department, University of California, Berkeley},
    Year = {2010},
    Month = {May},
}

@conference {tess_resource,
    title = {{Resource Management in the Tessellation Manycore OS}},
    booktitle = {HotPar10},
    year = {2010},
    month = {June},
    address = {Berkeley, CA},
    author = {Juan Colmenares and others},
}

@article{shen08counters,
 author = {Shen,, Kai and Zhong,, Ming and Dwarkadas,, Sandhya and Li,, Chuanpeng and Stewart,, Christopher and Zhang,, Xiao},
 title = {Hardware counter driven on-the-fly request signatures},
 journal = {SIGOPS Oper. Syst. Rev.},
 volume = {42},
 number = {2},
 year = {2008},
 issn = {0163-5980},
 pages = {189--200},
 doi = {http://doi.acm.org/10.1145/1353535.1346306},
 publisher = {ACM},
 address = {New York, NY, USA},
 }

@inproceedings{thread_clustering,
 author = {Tam,, David and Azimi,, Reza and Stumm,, Michael},
 title = {Thread clustering: sharing-aware scheduling on SMP-CMP-SMT multiprocessors},
 booktitle = {EuroSys '07: Proceedings of the 2nd ACM SIGOPS/EuroSys European Conference on Computer Systems 2007},
 year = {2007},
 isbn = {978-1-59593-636-3},
 pages = {47--58},
 location = {Lisbon, Portugal},
 doi = {http://doi.acm.org/10.1145/1272996.1273004},
 publisher = {ACM},
 address = {New York, NY, USA},
 }
 
  @inproceedings{hotos_perfcount,
 author = {Zhang,, Xiao and Dwarkadas,, Sandhya and Folkmanis,, Girts and Shen,, Kai},
 title = {Processor hardware counter statistics as a first-class system resource},
 booktitle = {HOTOS'07: Proceedings of the 11th USENIX workshop on Hot topics in operating systems},
 year = {2007},
 pages = {1--6},
 location = {San Diego, CA},
 publisher = {USENIX Association},
 address = {Berkeley, CA, USA},
 }

@inproceedings {tess,
    title = {Tessellation: {Space-Time Partitioning} in a {Manycore Client} {OS}},
    booktitle = {HotPar09},
    year = {2009},
    month = {March},
    address = {Berkeley, CA},
    URL = {http://www.usenix.org/event/hotpar09/tech/},
    author = {Rose Liu and others},
}

@conference {ros,
    title = {{Processes and Resource Management in a Scalable Many-core OS}},
    booktitle = {HotPar10},
    year = {2010},
    month = {June},
    address = {Berkeley, CA},
    author = {Kevin Klues and others},
}

@inproceedings{rampgold09,
 author = {Krste Asanovi\'{c} and David A. Patterson and Zhangxi Tan and Andrew Waterman and Rimas Avizienis and Yunsup Lee},
 title = {{RAMP Gold}: An {FPGA}-based Architecture Simulator for Multiprocessors},
 booktitle = {Proc. of the 4th Workshop on Architectural Research Prototyping (WARP-2009)},
 year = {2009},
 LONGpages = {},
}


@inproceedings{rampgold10,
 author = {Zhangxi Tan and Andrew Waterman and Rimas Avizienis and Yunsup Lee and Henry Cook and Krste Asanovi\'{c} and David Patterson},
 title = {{RAMP Gold}: An {FPGA}-based Architecture Simulator for Multiprocessors},
 booktitle = {Proc. of the 47th Design Automation Conference (DAC 2010)},
 month = {June},
 year = {2010},
 LONGpages = {},
 location = {Anaheim, CA, USA},
}



@inproceedings{fame10,
 author = {Zhangxi Tan and Andrew Waterman and Henry Cook and Sarah Bird and Krste Asanovi\'{c} and David Patterson},
 title = {A Case for {FAME}: {FPGA} Architecture Model Execution},
 booktitle = {Proc. of the 37th ACM/IEEE Int'l Symposium on Computer Architecture (ISCA 2010)},
 month = {June},
 year = {2010},
 LONGpages = {},
 location = {Saint-Malo, France},
}

